% This file was created with JabRef 2.11b2.
% Encoding: UTF8

@inproceedings{ali2016empirical,
  title={An Empirical Study on Feature Extraction for the Classification of Textural and Natural Images},
  author={Ali, Syed and Hung, Chih-Cheng},
  booktitle={Proceedings of the International Conference on Research in Adaptive and Convergent Systems},
  pages={51--55},
  year={2016},
  organization={ACM}
}

@ARTICLE{Leonard2018,
  author = {Michale A. Tovero, Michael J. Leonard},
  title = {Time Series Feature Extraction},
  journal = {SAS Institute Inc.},
  year = {2018},
  owner = {niklas},
  timestamp = {2018.11.18},
  url = {https://www.sas.com/content/dam/SAS/support/en/sas-global-forum-proceedings/2018/2020-2018.pdf}
}
